@book
{ 
TurnerUX,
author = "P. Turner",
title = "A Psychology of User Experience : Involvement, Affect and Aesthetics. ",
publisher = "Cham, Switzerland: Springer" ,
year = "2017" 
}

@book
{
JSONatWork,
author = "T. Marrs",
title = "JSON at Work : Practical Data Integration for the Web.",
publisher = "Beijing: O’Reilly Media; ",
year = "2018"
}

@misc
{
geojson,
howpublished = "\url{https://tools.ietf.org/html/rfc7946}",
author = "Butler et. al.,",
title = "The GeoJSON Format",
month = "August",
year = "2016",
note = "Accessed on 11-29-2018"
}

@article
{
gis,
author = "R. Williams",
title = "Selling a geographical information system to government policy makers.",
journal = "Papers from the 1987 Annual Conference of the Urban and Regional Information Systems Association",
year = "1987"
}


